@article{A1,
title =  "Learning Multiple Layers of Features from Tiny Images",
Year = "2009",
URL = "https://www.cs.toronto.edu/~kriz/learning-features-2009-TR.pdf",
Author = "Alex Krizhevsky"
}

@misc{web1,
title = " CS231n: Convolutional Neural Networks for Visual Recognition",
URL = "https://cs231n.github.io/",
Author = "Stanford - Spring 2021"}

@misc{web2,
title = "Experiments on Neutrinos",
URL = "https://neutrino-history.in2p3.fr/experiments-on-neutrinos/",
Author = "Michel Cribier et al."}

@misc{web3,
title = "Solar Neutrinos",
URL = "https://neutrino-history.in2p3.fr/solar-neutrinos/",
Author = "Michel Cribier et al."}

@misc{web4,
title = "Solar neutrino problem",
URL = "https://en.wikipedia.org/wiki/Solar_neutrino_problem"}

